@article{sadasue2024,
  title={タイトル},
  author={貞末祐希},
  journal={学会誌名},
  volume={1},
  number={1},
  pages={1--2},
  year={2024},
  publisher={発行社名}
}
@inproceedings{iwaselab2024,
  title={Title},
  author={Sadasue, Yuki},
  booktitle={ex MSCS},
  pages={1--2},
  year={2024},
  organization={MSCS}
}